<record><leader>00000cas a22000007a 4500</leader><controlfield tag="001">21015470</controlfield><controlfield tag="008">900207d19uu1936ohuwr ne      0    0eng d</controlfield><datafield ind1=" " ind2=" " tag="010"><subfield code="a">sn 90068127 </subfield></datafield><datafield ind1=" " ind2=" " tag="040"><subfield code="a">ONP</subfield><subfield code="b">eng</subfield><subfield code="c">ONP</subfield><subfield code="d">OCLCQ</subfield></datafield><datafield ind1=" " ind2=" " tag="042"><subfield code="a">msc</subfield></datafield><datafield ind1="0" ind2="4" tag="245"><subfield code="a">The Coldwater chronicle.</subfield></datafield><datafield ind1=" " ind2=" " tag="260"><subfield code="a">Coldwater, Ohio :</subfield><subfield code="b">Geo. W. Phillips,</subfield><subfield code="c">-1936.</subfield></datafield><datafield ind1=" " ind2=" " tag="300"><subfield code="a">v.</subfield></datafield><datafield ind1=" " ind2=" " tag="310"><subfield code="a">Weekly</subfield></datafield><datafield ind1="0" ind2=" " tag="362"><subfield code="a">-v. 35, no. 10 (May 29, 1936).</subfield></datafield><datafield ind1=" " ind2=" " tag="588"><subfield code="a">Description based on: Vol. 6, no. 34 (Oct. 18, 1907).</subfield></datafield><datafield ind1=" " ind2=" " tag="752"><subfield code="a">United States</subfield><subfield code="b">Ohio</subfield><subfield code="c">Mercer</subfield><subfield code="d">Coldwater.</subfield></datafield><datafield ind1="0" ind2="0" tag="785"><subfield code="t">Mercer County chronicle and the Coldwater chronicle</subfield><subfield code="w">(DLC)sn 90068128</subfield></datafield></record>